<?xml version="1.0" encoding="UTF-8"?><collection xmlns="http://www.loc.gov/MARC21/slim"><record><leader>00513nam--2200193-u-4500</leader><controlfield tag="001">000055387</controlfield><controlfield tag="002">20161230</controlfield><controlfield tag="005">20161230201052</controlfield><controlfield tag="008">130123s1000------------r-----000-0-rus-d</controlfield><datafield ind1=" " ind2=" " tag="040"><subfield code="a">IFIN-HH</subfield></datafield><datafield ind1=" " ind2=" " tag="041"><subfield code="a">rus</subfield></datafield><datafield ind1=" " ind2=" " tag="080"><subfield code="a">539.374</subfield></datafield><datafield ind1="1" ind2=" " tag="100"><subfield code="a">Iliiusin, A.A</subfield></datafield><datafield ind1="1" ind2="0" tag="245"><subfield code="a">Uprugo-plasticeskie deformatii polih tilindrov</subfield><subfield code="c">A.a. iliiusin, p.m. ogibalov</subfield></datafield><datafield ind1=" " ind2=" " tag="260"><subfield code="a">Moskva</subfield><subfield code="b">Moskovskogo Universiteta</subfield><subfield code="c">1960</subfield></datafield><datafield ind1=" " ind2=" " tag="300"><subfield code="a">224P</subfield></datafield><datafield ind1="1" ind2=" " tag="700"><subfield code="a">Ogibalov, P.M</subfield></datafield><datafield ind1=" " ind2=" " tag="852"><subfield code="a">76606</subfield><subfield code="c">539.3</subfield></datafield><datafield ind1=" " ind2=" " tag="CAT"><subfield code="a">Sys</subfield><subfield code="c">20130123</subfield><subfield code="h">132810</subfield></datafield></record></collection>